%YAML 1.1
%TAG !u! tag:unity3d.com,2011:
--- !u!1 &5023303147169034642
GameObject:
  m_ObjectHideFlags: 0
  m_CorrespondingSourceObject: {fileID: 0}
  m_PrefabInstance: {fileID: 0}
  m_PrefabAsset: {fileID: 0}
  serializedVersion: 6
  m_Component:
  - component: {fileID: 80192298222774328}
  m_Layer: 0
  m_Name: Formacion_2
  m_TagString: Untagged
  m_Icon: {fileID: 0}
  m_NavMeshLayer: 0
  m_StaticEditorFlags: 0
  m_IsActive: 1
--- !u!4 &80192298222774328
Transform:
  m_ObjectHideFlags: 0
  m_CorrespondingSourceObject: {fileID: 0}
  m_PrefabInstance: {fileID: 0}
  m_PrefabAsset: {fileID: 0}
  m_GameObject: {fileID: 5023303147169034642}
  m_LocalRotation: {x: 0, y: 0, z: 0, w: 1}
  m_LocalPosition: {x: 0, y: 0, z: 0}
  m_LocalScale: {x: 1, y: 1, z: 1}
  m_Children:
  - {fileID: 6112234402333349210}
  - {fileID: 2343247454389535200}
  - {fileID: 2843413586050119510}
  m_Father: {fileID: 0}
  m_RootOrder: 0
  m_LocalEulerAnglesHint: {x: 0, y: 0, z: 0}
--- !u!1001 &522445014660036675
PrefabInstance:
  m_ObjectHideFlags: 0
  serializedVersion: 2
  m_Modification:
    m_TransformParent: {fileID: 80192298222774328}
    m_Modifications:
    - target: {fileID: 4517259665279788007, guid: c90d68a482f2db541ba1c883a2d73599,
        type: 3}
      propertyPath: m_Name
      value: Enemig
      objectReference: {fileID: 0}
    - target: {fileID: 6022188149382081817, guid: c90d68a482f2db541ba1c883a2d73599,
        type: 3}
      propertyPath: m_LocalPosition.x
      value: 0
      objectReference: {fileID: 0}
    - target: {fileID: 6022188149382081817, guid: c90d68a482f2db541ba1c883a2d73599,
        type: 3}
      propertyPath: m_LocalPosition.y
      value: 0
      objectReference: {fileID: 0}
    - target: {fileID: 6022188149382081817, guid: c90d68a482f2db541ba1c883a2d73599,
        type: 3}
      propertyPath: m_LocalPosition.z
      value: 0
      objectReference: {fileID: 0}
    - target: {fileID: 6022188149382081817, guid: c90d68a482f2db541ba1c883a2d73599,
        type: 3}
      propertyPath: m_LocalRotation.x
      value: -0
      objectReference: {fileID: 0}
    - target: {fileID: 6022188149382081817, guid: c90d68a482f2db541ba1c883a2d73599,
        type: 3}
      propertyPath: m_LocalRotation.y
      value: -0
      objectReference: {fileID: 0}
    - target: {fileID: 6022188149382081817, guid: c90d68a482f2db541ba1c883a2d73599,
        type: 3}
      propertyPath: m_LocalRotation.z
      value: -0
      objectReference: {fileID: 0}
    - target: {fileID: 6022188149382081817, guid: c90d68a482f2db541ba1c883a2d73599,
        type: 3}
      propertyPath: m_LocalRotation.w
      value: 1
      objectReference: {fileID: 0}
    - target: {fileID: 6022188149382081817, guid: c90d68a482f2db541ba1c883a2d73599,
        type: 3}
      propertyPath: m_RootOrder
      value: 0
      objectReference: {fileID: 0}
    - target: {fileID: 6022188149382081817, guid: c90d68a482f2db541ba1c883a2d73599,
        type: 3}
      propertyPath: m_LocalEulerAnglesHint.x
      value: 0
      objectReference: {fileID: 0}
    - target: {fileID: 6022188149382081817, guid: c90d68a482f2db541ba1c883a2d73599,
        type: 3}
      propertyPath: m_LocalEulerAnglesHint.y
      value: 0
      objectReference: {fileID: 0}
    - target: {fileID: 6022188149382081817, guid: c90d68a482f2db541ba1c883a2d73599,
        type: 3}
      propertyPath: m_LocalEulerAnglesHint.z
      value: 0
      objectReference: {fileID: 0}
    m_RemovedComponents: []
  m_SourcePrefab: {fileID: 100100000, guid: c90d68a482f2db541ba1c883a2d73599, type: 3}
--- !u!4 &6112234402333349210 stripped
Transform:
  m_CorrespondingSourceObject: {fileID: 6022188149382081817, guid: c90d68a482f2db541ba1c883a2d73599,
    type: 3}
  m_PrefabInstance: {fileID: 522445014660036675}
  m_PrefabAsset: {fileID: 0}
--- !u!1001 &8293377691831659769
PrefabInstance:
  m_ObjectHideFlags: 0
  serializedVersion: 2
  m_Modification:
    m_TransformParent: {fileID: 80192298222774328}
    m_Modifications:
    - target: {fileID: 4517259665279788007, guid: c90d68a482f2db541ba1c883a2d73599,
        type: 3}
      propertyPath: m_Name
      value: Enemig (1)
      objectReference: {fileID: 0}
    - target: {fileID: 6022188149382081817, guid: c90d68a482f2db541ba1c883a2d73599,
        type: 3}
      propertyPath: m_LocalPosition.x
      value: 0.9814868
      objectReference: {fileID: 0}
    - target: {fileID: 6022188149382081817, guid: c90d68a482f2db541ba1c883a2d73599,
        type: 3}
      propertyPath: m_LocalPosition.y
      value: -1.9797438
      objectReference: {fileID: 0}
    - target: {fileID: 6022188149382081817, guid: c90d68a482f2db541ba1c883a2d73599,
        type: 3}
      propertyPath: m_LocalPosition.z
      value: 0
      objectReference: {fileID: 0}
    - target: {fileID: 6022188149382081817, guid: c90d68a482f2db541ba1c883a2d73599,
        type: 3}
      propertyPath: m_LocalRotation.x
      value: -0
      objectReference: {fileID: 0}
    - target: {fileID: 6022188149382081817, guid: c90d68a482f2db541ba1c883a2d73599,
        type: 3}
      propertyPath: m_LocalRotation.y
      value: -0
      objectReference: {fileID: 0}
    - target: {fileID: 6022188149382081817, guid: c90d68a482f2db541ba1c883a2d73599,
        type: 3}
      propertyPath: m_LocalRotation.z
      value: -0
      objectReference: {fileID: 0}
    - target: {fileID: 6022188149382081817, guid: c90d68a482f2db541ba1c883a2d73599,
        type: 3}
      propertyPath: m_LocalRotation.w
      value: 1
      objectReference: {fileID: 0}
    - target: {fileID: 6022188149382081817, guid: c90d68a482f2db541ba1c883a2d73599,
        type: 3}
      propertyPath: m_RootOrder
      value: 1
      objectReference: {fileID: 0}
    - target: {fileID: 6022188149382081817, guid: c90d68a482f2db541ba1c883a2d73599,
        type: 3}
      propertyPath: m_LocalEulerAnglesHint.x
      value: 0
      objectReference: {fileID: 0}
    - target: {fileID: 6022188149382081817, guid: c90d68a482f2db541ba1c883a2d73599,
        type: 3}
      propertyPath: m_LocalEulerAnglesHint.y
      value: 0
      objectReference: {fileID: 0}
    - target: {fileID: 6022188149382081817, guid: c90d68a482f2db541ba1c883a2d73599,
        type: 3}
      propertyPath: m_LocalEulerAnglesHint.z
      value: 0
      objectReference: {fileID: 0}
    m_RemovedComponents: []
  m_SourcePrefab: {fileID: 100100000, guid: c90d68a482f2db541ba1c883a2d73599, type: 3}
--- !u!4 &2343247454389535200 stripped
Transform:
  m_CorrespondingSourceObject: {fileID: 6022188149382081817, guid: c90d68a482f2db541ba1c883a2d73599,
    type: 3}
  m_PrefabInstance: {fileID: 8293377691831659769}
  m_PrefabAsset: {fileID: 0}
--- !u!1001 &8423641843894655567
PrefabInstance:
  m_ObjectHideFlags: 0
  serializedVersion: 2
  m_Modification:
    m_TransformParent: {fileID: 80192298222774328}
    m_Modifications:
    - target: {fileID: 4517259665279788007, guid: c90d68a482f2db541ba1c883a2d73599,
        type: 3}
      propertyPath: m_Name
      value: Enemig (2)
      objectReference: {fileID: 0}
    - target: {fileID: 6022188149382081817, guid: c90d68a482f2db541ba1c883a2d73599,
        type: 3}
      propertyPath: m_LocalPosition.x
      value: 0.9814868
      objectReference: {fileID: 0}
    - target: {fileID: 6022188149382081817, guid: c90d68a482f2db541ba1c883a2d73599,
        type: 3}
      propertyPath: m_LocalPosition.y
      value: 1.979744
      objectReference: {fileID: 0}
    - target: {fileID: 6022188149382081817, guid: c90d68a482f2db541ba1c883a2d73599,
        type: 3}
      propertyPath: m_LocalPosition.z
      value: 0
      objectReference: {fileID: 0}
    - target: {fileID: 6022188149382081817, guid: c90d68a482f2db541ba1c883a2d73599,
        type: 3}
      propertyPath: m_LocalRotation.x
      value: -0
      objectReference: {fileID: 0}
    - target: {fileID: 6022188149382081817, guid: c90d68a482f2db541ba1c883a2d73599,
        type: 3}
      propertyPath: m_LocalRotation.y
      value: -0
      objectReference: {fileID: 0}
    - target: {fileID: 6022188149382081817, guid: c90d68a482f2db541ba1c883a2d73599,
        type: 3}
      propertyPath: m_LocalRotation.z
      value: -0
      objectReference: {fileID: 0}
    - target: {fileID: 6022188149382081817, guid: c90d68a482f2db541ba1c883a2d73599,
        type: 3}
      propertyPath: m_LocalRotation.w
      value: 1
      objectReference: {fileID: 0}
    - target: {fileID: 6022188149382081817, guid: c90d68a482f2db541ba1c883a2d73599,
        type: 3}
      propertyPath: m_RootOrder
      value: 2
      objectReference: {fileID: 0}
    - target: {fileID: 6022188149382081817, guid: c90d68a482f2db541ba1c883a2d73599,
        type: 3}
      propertyPath: m_LocalEulerAnglesHint.x
      value: 0
      objectReference: {fileID: 0}
    - target: {fileID: 6022188149382081817, guid: c90d68a482f2db541ba1c883a2d73599,
        type: 3}
      propertyPath: m_LocalEulerAnglesHint.y
      value: 0
      objectReference: {fileID: 0}
    - target: {fileID: 6022188149382081817, guid: c90d68a482f2db541ba1c883a2d73599,
        type: 3}
      propertyPath: m_LocalEulerAnglesHint.z
      value: 0
      objectReference: {fileID: 0}
    m_RemovedComponents: []
  m_SourcePrefab: {fileID: 100100000, guid: c90d68a482f2db541ba1c883a2d73599, type: 3}
--- !u!4 &2843413586050119510 stripped
Transform:
  m_CorrespondingSourceObject: {fileID: 6022188149382081817, guid: c90d68a482f2db541ba1c883a2d73599,
    type: 3}
  m_PrefabInstance: {fileID: 8423641843894655567}
  m_PrefabAsset: {fileID: 0}
